% ========================================================================
% LITERATURVERZEICHNIS FÜR MASTERARBEIT
% Machine Learning für Multi-Kristall Strömungsfelder
% ========================================================================

% ========================================================================
% PHYSICS-INFORMED NEURAL NETWORKS - GRUNDLAGEN
% ========================================================================

@article{raissi2019physics,
	title={Physics-informed neural networks: A deep learning framework for solving forward and inverse problems involving nonlinear partial differential equations},
	author={Raissi, Maziar and Perdikaris, Paris and Karniadakis, George Em},
	journal={Journal of Computational Physics},
	volume={378},
	pages={686--707},
	year={2019},
	publisher={Elsevier},
	doi={10.1016/j.jcp.2018.10.045}
}

@article{jin2021nsfnets,
	title={NSFnets (Navier-Stokes flow nets): Physics-informed neural networks for the incompressible Navier-Stokes equations},
	author={Jin, Xiaowei and Cai, Shengze and Li, Hui and Karniadakis, George Em},
	journal={Journal of Computational Physics},
	volume={426},
	pages={109951},
	year={2021},
	publisher={Elsevier},
	doi={10.1016/j.jcp.2020.109951}
}

@article{pinn_projection2024,
	title={Guaranteeing Conservation Laws with Projection in Physics-Informed Neural Networks},
	author={Authors, Various},
	journal={arXiv preprint},
	year={2024},
	eprint={2410.17445},
	archivePrefix={arXiv},
	note={Accessed: 2025-08-15}
}

@article{oldenburg2022gapinn,
	title={Geometry aware physics informed neural network surrogate for solving Navier--Stokes equation (GAPINN)},
	author={Oldenburg, Jan and Borowski, Fabio and Osterried, Aurelius and Flaischlen, Stefan and Wehinger, Gregor D},
	journal={Advanced Modeling and Simulation in Engineering Sciences},
	volume={9},
	number={1},
	pages={1--15},
	year={2022},
	publisher={SpringerOpen},
	doi={10.1186/s40323-022-00221-z}
}

@article{jagtap2020conservative,
	title={Conservative physics-informed neural networks on discrete domains for conservation laws: Applications to forward and inverse problems},
	author={Jagtap, Ameya D and Kharazmi, Ehsan and Karniadakis, George Em},
	journal={Computer Methods in Applied Mechanics and Engineering},
	volume={365},
	pages={113028},
	year={2020},
	publisher={Elsevier},
	doi={10.1016/j.cma.2020.113028}
}

@article{multicase_pinn2024,
	title={Strategies for multi-case physics-informed neural networks for tube flows: a study using 2D flow scenarios},
	author={Authors, Various},
	journal={Scientific Reports},
	volume={14},
	year={2024},
	publisher={Nature Publishing Group},
	doi={10.1038/s41598-024-62117-9}
}

% ========================================================================
% UNET UND CNN FÜR FLUID-DYNAMIK
% ========================================================================

@article{ronneberger2015unet,
	title={U-net: Convolutional networks for biomedical image segmentation},
	author={Ronneberger, Olaf and Fischer, Philipp and Brox, Thomas},
	journal={Medical Image Computing and Computer-Assisted Intervention},
	pages={234--241},
	year={2015},
	publisher={Springer},
	doi={10.1007/978-3-319-24574-4_28},
	note={arXiv:1505.04597}
}

@article{thuerey2020deep,
	title={Deep learning methods for Reynolds-averaged Navier-Stokes simulations of airfoil flows},
	author={Th{\"u}rey, Nils and Weiss, Konstantin and Mehta, Rudranarayan and Ram, Aarthi},
	journal={AIAA Journal},
	volume={58},
	number={1},
	pages={25--36},
	year={2020},
	publisher={American Institute of Aeronautics and Astronautics},
	doi={10.2514/1.J058291}
}

@article{hou2022unet_lstm,
	title={A novel deep U-Net-LSTM framework for time-sequenced hydrodynamics prediction of the SUBOFF AFF-8},
	author={Hou, Jiaqi and Li, Decheng and Dang, Yue and others},
	journal={Engineering Applications of Computational Fluid Mechanics},
	volume={16},
	number={1},
	pages={630--651},
	year={2022},
	publisher={Taylor \& Francis},
	doi={10.1080/19942060.2022.2030802}
}

@article{ribeiro2019unet_flow,
	title={U-net architectures for fast prediction of incompressible laminar flows},
	author={Ribeiro, Marta Duk Nunes and Rehman, Abdul and Ahmed, Sheraz and Dengel, Andreas},
	journal={arXiv preprint},
	year={2019},
	eprint={1910.13532},
	archivePrefix={arXiv}
}

@article{rana2024scalable_cnn,
	title={Predicting the flow field in arbitrary geometries of varying sizes using an efficient CNN architecture},
	author={Rana, P and Oliveira, B and Ramesh, N and others},
	journal={Scientific Reports},
	volume={14},
	pages={23080},
	year={2024},
	publisher={Nature Publishing Group},
	doi={10.1038/s41598-024-73529-y}
}

% ========================================================================
% MULTI-PARTIKEL SEDIMENTATION UND KLASSISCHE THEORIE
% ========================================================================

@article{martin1988crystal,
	title={Crystal settling in a vigorously convecting magma chamber},
	author={Martin, Duncan and Nokes, Roger},
	journal={Nature},
	volume={332},
	number={6164},
	pages={534--536},
	year={1988},
	publisher={Nature Publishing Group},
	doi={10.1038/332534a0}
}

@article{martin1989fluid,
	title={Fluid-Dynamical Study of Crystal Settling in Convecting Magmas},
	author={Martin, Duncan and Nokes, Roger},
	journal={Journal of Petrology},
	volume={30},
	number={6},
	pages={1471--1500},
	year={1989},
	publisher={Oxford University Press},
	doi={10.1093/petrology/30.6.1471}
}

@article{verhoeven2009crystal,
	title={Evolution of crystal-settling in magma-chamber convection},
	author={Verhoeven, Olivier and Schmalzl, J{\"o}rg},
	journal={Earth and Planetary Science Letters},
	volume={283},
	number={1-4},
	pages={19--27},
	year={2009},
	publisher={Elsevier},
	doi={10.1016/j.epsl.2009.03.023},
	note={Also: Geochem. Geophys. Geosyst. 10(8):Q08003}
}

@article{hawkesworth2000time,
	title={Time Scales of Crystal Fractionation in Magma Chambers—Integrating Physical, Isotopic and Geochemical Perspectives},
	author={Hawkesworth, Chris J and Blake, Stephen and Evans, Peter and others},
	journal={Journal of Petrology},
	volume={41},
	number={7},
	pages={991--1006},
	year={2000},
	publisher={Oxford University Press},
	doi={10.1093/petrology/41.7.991}
}

@article{fortes1987nonlinear,
	title={Nonlinear mechanics of fluidization of beds of spherical particles},
	author={Fortes, AF and Joseph, Daniel D and Lundgren, TS},
	journal={Journal of Fluid Mechanics},
	volume={177},
	pages={467--483},
	year={1987},
	publisher={Cambridge University Press},
	doi={10.1017/S0022112087001046}
}

@article{glowinski2001fictitious,
	title={A fictitious domain approach to the direct numerical simulation of incompressible viscous flow past moving rigid bodies: application to particulate flow},
	author={Glowinski, Roland and Pan, Tsorng-Whay and Hesla, Todd I and Joseph, Daniel D},
	journal={Journal of Computational Physics},
	volume={169},
	number={2},
	pages={363--426},
	year={2001},
	publisher={Elsevier},
	doi={10.1006/jcph.2000.6542}
}

@article{drafting_kissing_tumbling2022,
	title={IBM-LBM-DEM Study of Two-Particle Sedimentation: Drafting-Kissing-Tumbling and Effects of Particle Reynolds Number and Initial Positions of Particles},
	author={Cui, Hao and Chen, Sheng and others},
	journal={Energies},
	volume={15},
	number={9},
	pages={3297},
	year={2022},
	publisher={MDPI},
	doi={10.3390/en15093297}
}

@article{particle_dynamics2024,
	title={Dynamics of mass polar spheroids during sedimentation},
	author={Authors, Various},
	journal={Journal of Fluid Mechanics},
	year={2024},
	publisher={Cambridge University Press}
}

@article{uhlmann2014clustering,
	title={Sedimentation of a dilute suspension of rigid spheres at intermediate Galileo numbers: the effect of clustering upon the particle motion},
	author={Uhlmann, Markus and Doychev, Todor},
	journal={Journal of Fluid Mechanics},
	volume={752},
	pages={310--348},
	year={2014},
	publisher={Cambridge University Press},
	doi={10.1017/jfm.2014.330}
}

@article{liu2021dual,
	title={Dynamics of dual spheres settling under gravity},
	author={Liu, Yang and Wang, Lian-Ping and Zamansky, R{\'e}mi},
	journal={Physics of Fluids},
	volume={33},
	number={1},
	pages={013312},
	year={2021},
	publisher={AIP Publishing},
	doi={10.1063/5.0032792}
}

% ========================================================================
% COMPUTATIONAL METHODS UND LBM-DEM
% ========================================================================

@article{ladd1994numerical,
	title={Numerical simulations of particulate suspensions via a discretized Boltzmann equation. Part 1. Theoretical foundation},
	author={Ladd, Anthony JC},
	journal={Journal of Fluid Mechanics},
	volume={271},
	pages={285--309},
	year={1994},
	publisher={Cambridge University Press},
	doi={10.1017/S0022112094001771}
}

@article{zeng2014coupled,
	title={Coupled DEM-LBM method for the free-surface simulation of heterogeneous suspensions},
	author={Zeng, L and Najjar, F and Balachandar, S and Fischer, P},
	journal={Computational Particle Mechanics},
	volume={1},
	number={1},
	pages={3--13},
	year={2014},
	publisher={Springer},
	doi={10.1007/s40571-014-0001-z}
}

@article{zeng2023revisiting,
	title={Revisiting the empirical particle‐fluid coupling model used in DEM‐CFD by high‐resolution DEM‐LBM‐IMB simulations: A 2D perspective},
	author={Zeng, L and Balachandar, S and Fischer, P},
	journal={International Journal for Numerical and Analytical Methods in Geomechanics},
	year={2023},
	publisher={Wiley Online Library},
	doi={10.1002/nag.3496}
}

@article{lbm_dem_comprehensive2019,
	title={A comprehensive parametric study of LBM-DEM for immersed granular flows},
	author={Noble, DR and Torczynski, JR},
	journal={Computers and Geotechnics},
	volume={114},
	pages={103152},
	year={2019},
	publisher={Elsevier},
	doi={10.1016/j.compgeo.2019.103152}
}

% ========================================================================
% LAMEM UND GEODYNAMICS FRAMEWORKS
% ========================================================================

@misc{lamem_github,
	title={LaMEM: Lithosphere and Mantle Evolution Model},
	author={Kaus, Boris JP and Popov, Anton A and Baumann, Tobias S and others},
	howpublished={\url{https://github.com/UniMainzGeo/LaMEM}},
	year={2016},
	note={Accessed: 2025-08-15}
}

@misc{lamem_julia,
	title={LaMEM.jl: Julia interface to LaMEM},
	author={Kaus, Boris JP and others},
	howpublished={\url{https://github.com/JuliaGeodynamics/LaMEM.jl}},
	year={2023},
	note={Accessed: 2025-08-15}
}

@article{thieulot2022finite,
	title={On the choice of finite element for applications in geodynamics},
	author={Thieulot, Cedric and Bangerth, Wolfgang},
	journal={Solid Earth},
	volume={13},
	number={2},
	pages={229--249},
	year={2022},
	publisher={Copernicus GmbH},
	doi={10.5194/se-13-229-2022}
}

% ========================================================================
% TRANSFER LEARNING UND GENERALISIERUNG
% ========================================================================

@article{pellegrin2022transfer,
	title={Transfer learning with physics-informed neural networks for efficient simulation of branched flows},
	author={Pellegrin, Ihor and Karniadakis, George Em and Jafarzadeh, Sina},
	journal={arXiv preprint},
	year={2022},
	eprint={2211.00214},
	archivePrefix={arXiv}
}

@article{lake2023systematic,
	title={Human-like systematic generalization through a meta-learning neural network},
	author={Lake, Brenden M and Baroni, Marco},
	journal={Nature},
	volume={623},
	number={7985},
	pages={115--121},
	year={2023},
	publisher={Nature Publishing Group},
	doi={10.1038/s41586-023-06668-3}
}

@article{zhang2017understanding,
	title={Understanding deep learning requires rethinking generalization},
	author={Zhang, Chiyuan and Bengio, Samy and Hardt, Moritz and Recht, Benjamin and Vinyals, Oriol},
	journal={arXiv preprint},
	year={2017},
	eprint={1611.03530},
	archivePrefix={arXiv},
	note={ICLR 2017}
}

@article{belkin2019reconciling,
	title={Reconciling modern machine-learning practice and the classical bias--variance trade-off},
	author={Belkin, Mikhail and Hsu, Daniel and Ma, Siyuan and Mandal, Soumik},
	journal={Proceedings of the National Academy of Sciences},
	volume={116},
	number={32},
	pages={15849--15854},
	year={2019},
	publisher={National Academy of Sciences},
	doi={10.1073/pnas.1903070116}
}

@article{kaplan2020scaling,
	title={Scaling laws for neural language models},
	author={Kaplan, Jared and McCandlish, Sam and Henighan, Tom and Brown, Tom B and Chess, Benjamin and Child, Rewon and Gray, Scott and Radford, Alec and Wu, Jeffrey and Amodei, Dario},
	journal={arXiv preprint},
	year={2020},
	eprint={2001.08361},
	archivePrefix={arXiv}
}

@article{deng2023differentiable,
	title={Differentiable Multi-Fidelity Fusion: Efficient Learning of Physics Simulations with Neural Architecture Search and Transfer Learning},
	author={Deng, Zhao and Luo, Jian and others},
	journal={arXiv preprint},
	year={2023},
	eprint={2306.06904},
	archivePrefix={arXiv}
}

@article{x_meshgraphnet2024,
	title={X-MeshGraphNet: Scalable Multi-Scale Graph Neural Networks for Physics Simulation},
	author={Authors, Various},
	journal={arXiv preprint},
	year={2024},
	eprint={2411.17164},
	archivePrefix={arXiv}
}

@article{neuromorphic_overparameterisation2024,
	title={Neuromorphic overparameterisation and few-shot learning in multilayer physical neural networks},
	author={Authors, Various},
	journal={Nature Communications},
	volume={15},
	year={2024},
	publisher={Nature Publishing Group},
	doi={10.1038/s41467-024-50633-1}
}

% ========================================================================
% GRAPH NEURAL NETWORKS FÜR PHYSIK
% ========================================================================

@article{deshpande2024magnet,
	title={MAgNET: A graph U-Net architecture for mesh-agnostic simulations},
	author={Deshpande, Saurabh and Sane, Siddharth and Kumar, Rajesh and Eschricht, Leonard and Chakraborty, Sudip and Karniadakis, George Em},
	journal={Engineering Applications of Artificial Intelligence},
	volume={133},
	pages={108055},
	year={2024},
	publisher={Elsevier},
	doi={10.1016/j.engappai.2024.108055},
	note={arXiv:2211.00713}
}

@article{kashefi2021point,
	title={A point-cloud deep learning framework for prediction of fluid flow fields on irregular geometries},
	author={Kashefi, Ali and Rempe, Davis and Guibas, Leonidas J},
	journal={Physics of Fluids},
	volume={33},
	number={2},
	pages={027104},
	year={2021},
	publisher={AIP Publishing},
	doi={10.1063/5.0033376}
}

% ========================================================================
% VALIDIERUNG UND BENCHMARKS
% ========================================================================

@article{pinnacle2023benchmark,
	title={PINNacle: A Comprehensive Benchmark of Physics-Informed Neural Networks for Solving PDEs},
	author={Hao, Zhongkai and Liu, Chengyang and others},
	journal={arXiv preprint},
	year={2023},
	eprint={2306.08827},
	archivePrefix={arXiv}
}

@article{cfdbench2023,
	title={CFDBench: A Large-Scale Benchmark for Machine Learning Methods in Fluid Dynamics},
	author={Authors, Various},
	journal={arXiv preprint},
	year={2023},
	eprint={2310.05963},
	archivePrefix={arXiv}
}

@article{failure_modes_pinn2024,
	title={A simple remedy for failure modes in physics informed neural networks},
	author={Authors, Various},
	journal={PubMed},
	year={2024},
	note={PMID: 39675094}
}

% ========================================================================
% GEOWISSENSCHAFTLICHE ANWENDUNGEN UND VULKANOLOGIE
% ========================================================================

@article{particle_aggregation2021,
	title={The Influence of Particle Concentration on the Formation of Settling-Driven Gravitational Instabilities at the Base of Volcanic Clouds},
	author={Authors, Various},
	journal={Frontiers in Earth Science},
	volume={9},
	pages={640090},
	year={2021},
	publisher={Frontiers Media SA},
	doi={10.3389/feart.2021.640090}
}

@article{volcanic_ash2025,
	title={Particle Aggregation and Settling‐Driven Gravitational Instabilities: A Combined Impact on Volcanic Ash Sedimentation},
	author={Lemus, Jacopo and others},
	journal={Journal of Geophysical Research: Solid Earth},
	year={2025},
	publisher={Wiley Online Library},
	doi={10.1029/2024JB030855}
}

@article{enhanced_hindered2023,
	title={Experimental Measurement of Enhanced and Hindered Particle Settling in Turbulent Gas‐Particle Suspensions, and Geophysical Implications},
	author={Penlou, F and others},
	journal={Journal of Geophysical Research: Solid Earth},
	volume={128},
	year={2023},
	publisher={Wiley Online Library},
	doi={10.1029/2022JB025809}
}

@article{mineral_precipitation2021,
	title={Micro-continuum approach for mineral precipitation},
	author={Authors, Various},
	journal={Scientific Reports},
	volume={11},
	pages={3495},
	year={2021},
	publisher={Nature Publishing Group},
	doi={10.1038/s41598-021-82807-y}
}

% ========================================================================
% STOKES FLOW UND GRUNDLAGEN DER PARTIKELSEDIMENTATION
% ========================================================================

@book{happel1983low,
	title={Low Reynolds number hydrodynamics: with special applications to particulate media},
	author={Happel, John and Brenner, Howard},
	volume={1},
	year={1983},
	publisher={Martinus Nijhoff Publishers},
	isbn={9024728770}
}

@article{stokes1851mathematical,
	title={On the effect of the internal friction of fluids on the motion of pendulums},
	author={Stokes, George Gabriel},
	journal={Transactions of the Cambridge Philosophical Society},
	volume={9},
	pages={8--106},
	year={1851},
	publisher={Cambridge University Press}
}

@article{hydrodynamic_interactions2022,
	title={The role of hydrodynamic interactions on the aggregation kinetics of sedimenting colloidal particles},
	author={Authors, Various},
	journal={Soft Matter},
	year={2022},
	publisher={Royal Society of Chemistry}
}

% ========================================================================
% MACHINE LEARNING UND COMPUTATIONAL FLUID DYNAMICS REVIEWS
% ========================================================================

@article{ml_cfd_review2024,
	title={Machine Learning to speed up Computational Fluid Dynamics engineering simulations for built environments: A review},
	author={Authors, Various},
	journal={Building and Environment},
	year={2024},
	publisher={Elsevier},
	doi={10.1016/j.buildenv.2024.112710}
}

@article{surrogate_modeling2025,
	title={Surrogate modeling for flow simulations using design variable-coded deep learning networks},
	author={Authors, Various},
	journal={Journal of Engineering and Applied Science},
	year={2025},
	publisher={SpringerOpen},
	doi={10.1186/s44147-025-00634-8}
}

@article{sun2020surrogate,
	title={Surrogate modeling for fluid flows based on physics-constrained deep learning without simulation data},
	author={Sun, Luning and Gao, Han and Pan, Shaowu and Wang, Jian-Xun},
	journal={Computer Methods in Applied Mechanics and Engineering},
	volume={361},
	pages={112732},
	year={2020},
	publisher={Elsevier},
	doi={10.1016/j.cma.2019.112732}
}

% ========================================================================
% WEITERFÜHRENDE LITERATUR UND ERGÄNZUNGEN
% ========================================================================

@article{fast_flow_field2021,
	title={Fast Flow Field Estimation for Various Applications with A Universally Applicable Machine Learning Concept},
	author={Obiols-Sales, Oriol and Vishnu, Abhinav and others},
	journal={Flow, Turbulence and Combustion},
	volume={107},
	pages={629--254},
	year={2021},
	publisher={Springer},
	doi={10.1007/s10494-020-00234-x}
}

@article{pinn_reynolds2022,
	title={Physics-informed neural networks for solving Reynolds-averaged Navier–Stokes equations},
	author={Eivazi, Hamidreza and Tahani, Mojtaba and others},
	journal={Physics of Fluids},
	volume={34},
	number={7},
	pages={075117},
	year={2022},
	publisher={AIP Publishing},
	doi={10.1063/5.0095270}
}

@misc{geological_digressions,
	title={Fluid flow: Stokes Law and particle settling},
	author={Coe, Angela L},
	howpublished={\url{https://www.geological-digressions.com/fluid-flow-stokes-law-and-particle-settling/}},
	year={2018},
	note={Accessed: 2025-08-15}
}

@misc{libretexts_fluid,
	title={Fluid Mechanics},
	author={Geosciences LibreTexts},
	howpublished={\url{https://geo.libretexts.org/Courses/SUNY_Potsdam/Sedimentary_Geology}},
	year={2023},
	note={Accessed: 2025-08-15}
}